@article{Lipton2018,
    annote = {Discorse of interpretability},
    archivePrefix = {arXiv},
    arxivId = {1606.03490},
    author = {Lipton, Zachary C.},
    doi = {10.1145/3233231},
    eprint = {1606.03490},
    issn = {15577317},
    journal = {Communications of the ACM},
    month = {oct},
    number = {10},
    pages = {35--43},
    publisher = {Association for Computing Machinery},
    title = {{The mythos of model interpretability}},
    url = {https://arxiv.org/abs/1606.03490},
    volume = {61},
    year = {2018}
}
@article{Doshi-Velez2017,
    archivePrefix = {arXiv},
    arxivId = {1702.08608},
    author = {Doshi-Velez, Finale and Kim, Been},
    eprint = {1702.08608},
    month = {feb},
    title = {{Towards A Rigorous Science of Interpretable Machine Learning}},
    url = {http://arxiv.org/abs/1702.08608},
    year = {2017}
}
@article{Holstein2019,
    archivePrefix = {arXiv},
    arxivId = {1812.05239},
    author = {Holstein, Kenneth and Vaughan, Jennifer Wortman and Daum{\'{e}}, Hal and Dud{\'{i}}k, Miroslav and Wallach, Hanna},
    doi = {10.1145/3290605.3300830},
    eprint = {1812.05239},
    isbn = {9781450359702},
    journal = {Conference on Human Factors in Computing Systems - Proceedings},
    keywords = {Algorithmic bias,Empirical study,Fair machine learning,Need-finding,Product teams,UX of machine learning},
    month = {may},
    publisher = {Association for Computing Machinery},
    title = {{Improving fairness in machine learning systems: What do industry practitioners need?}},
    year = {2019}
}
@article{Wang2019,
    address = {New York, NY, USA},
    annote = {This has got the wrong paper attached, I've re-added the right one},
    author = {Wang, Danding and Yang, Qian and Abdul, Ashraf and Lim, Brian Y},
    doi = {10.1145/3290605},
    isbn = {9781450359702},
    journal = {Proceedings of the 2019 CHI Conference on Human Factors in Computing Systems},
    keywords = {Clinical decision making,Decision making,Explainable artificial intelligence,Explanations,Intelligibility},
    publisher = {ACM},
    title = {{Designing Theory-Driven User-Centric Explainable AI}},
    url = {https://doi.org/10.1145/3290605.3300831},
    year = {2019}
}
@article{Miller2019,
    archivePrefix = {arXiv},
    arxivId = {1706.07269},
    author = {Miller, Tim},
    doi = {10.1016/J.ARTINT.2018.07.007},
    eprint = {1706.07269},
    issn = {00043702},
    journal = {Artificial Intelligence},
    keywords = {Explainability,Explainable AI,Explanation,Interpretability,Transparency},
    month = {feb},
    pages = {1--38},
    publisher = {Elsevier B.V.},
    title = {{Explanation in artificial intelligence: Insights from the social sciences}},
    volume = {267},
    year = {2019}
}
@article{Gunning2019,
    annote = {Some relevant stuff, even discuss the idea that explainability might not be necessary for some users in the pipeline.},
    author = {Gunning, David and Stefik, Mark and Choi, Jaesik and Miller, Timothy and Stumpf, Simone and Yang, Guang Zhong},
    doi = {10.1126/SCIROBOTICS.AAY7120/ASSET/635AF7F2-CA10-40DD-87D2-7DCD424AE2CD/ASSETS/GRAPHIC/AAY7120-F1.JPEG},
    issn = {24709476},
    journal = {Science Robotics},
    month = {dec},
    number = {37},
    pmid = {33137719},
    publisher = {American Association for the Advancement of Science},
    title = {{XAI-Explainable artificial intelligence}},
    url = {https://www.science.org/doi/abs/10.1126/scirobotics.aay7120},
    volume = {4},
    year = {2019}
}
@article{Lei2016,
    archivePrefix = {arXiv},
    arxivId = {1606.04155},
    author = {Lei, Tao and Barzilay, Regina and Jaakkola, Tommi},
    doi = {10.18653/v1/d16-1011},
    eprint = {1606.04155},
    isbn = {9781945626258},
    journal = {EMNLP 2016 - Conference on Empirical Methods in Natural Language Processing, Proceedings},
    pages = {107--117},
    publisher = {Association for Computational Linguistics (ACL)},
    title = {{Rationalizing neural predictions}},
    year = {2016}
}
@article{Narayanan2018,
    archivePrefix = {arXiv},
    arxivId = {1802.00682},
    author = {Narayanan, Menaka and Chen, Emily and He, Jeffrey and Kim, Been and Gershman, Sam and Doshi-Velez, Finale},
    eprint = {1802.00682},
    issn = {2331-8422},
    month = {feb},
    title = {{How do Humans Understand Explanations from Machine Learning Systems? An Evaluation of the Human-Interpretability of Explanation}},
    url = {http://arxiv.org/abs/1802.00682},
    year = {2018}
}

@article{Guidotti2018,
    archivePrefix = {arXiv},
    arxivId = {1805.10820},
    author = {Guidotti, Riccardo and Monreale, Anna and Ruggieri, Salvatore and Pedreschi, Dino and Turini, Franco and Giannotti, Fosca},
    eprint = {1805.10820},
    month = {may},
    title = {{Local Rule-Based Explanations of Black Box Decision Systems}},
    url = {http://arxiv.org/abs/1805.10820},
    year = {2018}
}
@article{Caruana2015,
    annote = {This isn't so much a solution - or patient facing - but just a more interpretable model
This looks very data-focussed, but interesting for the technicians/AI experts},
    author = {Caruana, Rich and Lou, Yin and Gehrke, Johannes and Koch, Paul and Sturm, Marc and Elhadad, No{\'{e}}mie},
    doi = {10.1145/2783258.2788613},
    isbn = {9781450336642},
    journal = {Proceedings of the ACM SIGKDD International Conference on Knowledge Discovery and Data Mining},
    keywords = {Additive models,Classification,Healthcare,Intelligibility,Interaction detection,Logistic regression,Risk prediction},
    month = {aug},
    pages = {1721--1730},
    publisher = {Association for Computing Machinery},
    title = {{Intelligible models for healthcare: Predicting pneumonia risk and hospital 30-day readmission}},
    volume = {2015-Augus},
    year = {2015}
}
@article{DeGrave2021,
    author = {DeGrave, Alex J. and Janizek, Joseph D. and Lee, Su In},
    doi = {10.1038/s42256-021-00338-7},
    issn = {2522-5839},
    journal = {Nature Machine Intelligence 2021 3:7},
    keywords = {2,CoV,Computational science,Predictive medicine,Radiography,SARS},
    month = {may},
    number = {7},
    pages = {610--619},
    pmid = {32995822},
    publisher = {Nature Publishing Group},
    title = {{AI for radiographic COVID-19 detection selects shortcuts over signal}},
    url = {https://www.nature.com/articles/s42256-021-00338-7},
    volume = {3},
    year = {2021}
}

@article{Koh2017,
    archivePrefix = {arXiv},
    arxivId = {1703.04730},
    author = {Koh, Pang Wei and Liang, Percy},
    eprint = {1703.04730},
    isbn = {9781510855144},
    journal = {34th International Conference on Machine Learning, ICML 2017},
    pages = {2976--2987},
    publisher = {International Machine Learning Society (IMLS)},
    title = {{Understanding black-box predictions via influence functions}},
    volume = {4},
    year = {2017}
}
@article{Kim2021,
    author = {Kim, Seongchan and Roe, Dong Gue and Choi, Yoon Young and Woo, Hwije and Park, Joongpill and Lee, Jong Ik and Choi, Yongsuk and Jo, Sae Byeok and Kang, Moon Sung and Song, Young Jae and Jeong, Sohee and Cho, Jeong Ho},
    doi = {10.1126/SCIADV.ABE3996},
    issn = {23752548},
    journal = {Science Advances},
    month = {apr},
    number = {15},
    pmid = {33837079},
    publisher = {American Association for the Advancement of Science},
    title = {{Artificial stimulus-response system capable of conscious response}},
    volume = {7},
    year = {2021}
}
@article{Guefrechi2021,
    author = {Guefrechi, Sarra and Jabra, Marwa Ben and Ammar, Adel and Koubaa, Anis and Hamam, Habib},
    doi = {10.1007/S11042-021-11192-5},
    issn = {15737721},
    journal = {Multimedia Tools and Applications},
    keywords = {CNN,COVID-19,Chest X-ray,Convolution Neural Network,Deep learning},
    month = {sep},
    number = {21-23},
    pages = {31803},
    pmid = {34305440},
    publisher = {Nature Publishing Group},
    title = {{Deep learning based detection of COVID-19 from chest X-ray images}},
    url = {/pmc/articles/PMC8286881/ /pmc/articles/PMC8286881/?report=abstract https://www.ncbi.nlm.nih.gov/pmc/articles/PMC8286881/},
    volume = {80},
    year = {2021}
}
@article{Kahneman1986,
    author = {Kahneman, Daniel and Miller, Dale T.},
    doi = {10.1037/0033-295X.93.2.136},
    issn = {0033295X},
    journal = {Psychological Review},
    month = {apr},
    number = {2},
    pages = {136--153},
    title = {{Norm Theory. Comparing Reality to Its Alternatives}},
    volume = {93},
    year = {1986}
}
@article{Miller2021,
    archivePrefix = {arXiv},
    arxivId = {1811.03163},
    author = {Miller, Tim},
    doi = {10.1017/S0269888921000102},
    eprint = {1811.03163},
    issn = {14698005},
    journal = {Knowledge Engineering Review},
    month = {oct},
    number = {1},
    publisher = {Cambridge University Press},
    title = {{Contrastive explanation: A structural-model approach}},
    volume = {36},
    year = {2021}
}
@article{Sokol2019,
    archivePrefix = {arXiv},
    arxivId = {1910.13016v1},
    author = {Sokol, K and Hepburn, A and Santos-Rodriguez, R and Flach, P},
    eprint = {1910.13016v1},
    title = {{bLIMEy: Surrogate Prediction Explanations Beyond LIME}},
    year = {2019}
}
@article{Goldstein2021,
    archivePrefix = {arXiv},
    arxivId = {1802.07810v5},
    author = {Goldstein, Daniel G and Hofman, Jake M and {Research JENNIFER WORTMAN VAUGHAN}, Microsoft and Poursabzi-Sangdeh, Forough and {Wortman Vaughan}, Jennifer and Wallach, Hanna},
    doi = {10.1145/3411764.3445315},
    eprint = {1802.07810v5},
    isbn = {9781450380966},
    keywords = {CCS Concepts:,Computing methodologies → Machine learning;,Human-centered computing → User studies Additional},
    publisher = {ACM},
    title = {{Manipulating and Measuring Model Interpretability}},
    url = {https://doi.org/10.1145/3411764.3445315},
    volume = {67},
    year = {2021}
}
@article{Poyiadzi2020,
    archivePrefix = {arXiv},
    arxivId = {1909.09369},
    author = {Poyiadzi, Rafael and Sokol, Kacper and Santos-Rodriguez, Raul and {De Bie}, Tijl and Flach, Peter},
    doi = {10.1145/3375627.3375850},
    eprint = {1909.09369},
    isbn = {9781450371100},
    journal = {AIES 2020 - Proceedings of the AAAI/ACM Conference on AI, Ethics, and Society},
    keywords = {Black-box Models,Counterfactuals,Explainability,Interpretability},
    month = {feb},
    pages = {344--350},
    publisher = {Association for Computing Machinery, Inc},
    title = {{FACE: Feasible and actionable counterfactual explanations}},
    year = {2020}
}
@article{Adadi2018,
    author = {Adadi, Amina and Berrada, Mohammed},
    doi = {10.1109/ACCESS.2018.2870052},
    issn = {21693536},
    journal = {IEEE Access},
    keywords = {Explainable artificial intelligence,black-box models,interpretable machine learning},
    month = {sep},
    pages = {52138--52160},
    publisher = {Institute of Electrical and Electronics Engineers Inc.},
    title = {{Peeking Inside the Black-Box: A Survey on Explainable Artificial Intelligence (XAI)}},
    volume = {6},
    year = {2018}
}
@article{Guidotti2018a,
    archivePrefix = {arXiv},
    arxivId = {1802.01933},
    author = {Guidotti, Riccardo and Monreale, Anna and Ruggieri, Salvatore and Turini, Franco and Giannotti, Fosca and Pedreschi, Dino},
    doi = {10.1145/3236009},
    eprint = {1802.01933},
    issn = {15577341},
    journal = {ACM Computing Surveys (CSUR)},
    keywords = {Open the black box,explanations,interpretability,transparent models},
    month = {aug},
    number = {5},
    publisher = {
		ACM
		PUB27
		New York, NY, USA
	},
    title = {{A Survey of Methods for Explaining Black Box Models}},
    url = {https://dl.acm.org/doi/abs/10.1145/3236009},
    volume = {51},
    year = {2018}
}
@article{Sokol2018,
    author = {Sokol, Kacper and Flach, Peter},
    doi = {10.24963/IJCAI.2018/836},
    isbn = {9780999241127},
    issn = {10450823},
    journal = {IJCAI International Joint Conference on Artificial Intelligence},
    keywords = {Explainable AI},
    mendeley-tags = {Explainable AI},
    pages = {5785--5786},
    publisher = {International Joint Conferences on Artificial Intelligence},
    title = {{Conversational Explanations of Machine Learning Predictions Through Class-contrastive Counterfactual Statements}},
    volume = {2018-July},
    year = {2018}
}
@article{Schwalbe2021,
    archivePrefix = {arXiv},
    arxivId = {2105.07190},
    author = {Schwalbe, Gesina and Finzel, Bettina},
    eprint = {2105.07190},
    isbn = {2105.07190v2},
    keywords = {Analysis {\textperiodcentered},Artificial,Explainable,Intelligence {\textperiodcentered},Interpretability {\textperiodcentered},Meta-,Review,Survey-of-surveys {\textperiodcentered},Tax-onomy {\textperiodcentered}},
    month = {may},
    title = {{A Comprehensive Taxonomy for Explainable Artificial Intelligence: A Systematic Survey of Surveys on Methods and Concepts}},
    url = {https://arxiv.org/abs/2105.07190v2},
    year = {2021}
}
@article{Ras2020,
    archivePrefix = {arXiv},
    arxivId = {2004.14545},
    author = {Ras, Gabrielle and Xie, Ning and van Gerven, Marcel and Doran, Derek},
    doi = {10.1613/jair.1.13200},
    eprint = {2004.14545},
    journal = {Journal of Artificial Intelligence Research},
    month = {apr},
    pages = {329--397},
    publisher = {AI Access Foundation},
    title = {{Explainable Deep Learning: A Field Guide for the Uninitiated}},
    url = {https://arxiv.org/abs/2004.14545v2},
    volume = {73},
    year = {2020}
}
@inproceedings{Wang2019a,
    author = {Wang, Danding and Yang, Qian and Abdul, Ashraf and Lim, Brian Y.},
    booktitle = {Conference on Human Factors in Computing Systems - Proceedings},
    doi = {10.1145/3290605.3300831},
    isbn = {9781450359702},
    keywords = {Clinical decision making,Decision making,Explainable artificial intelligence,Explanations,Intelligibility},
    month = {may},
    publisher = {Association for Computing Machinery},
    title = {{Designing theory-driven user-centric explainable AI}},
    year = {2019}
}
@article{Sokol2020,
    author = {Sokol, Kacper and Hepburn, Alexander and Poyiadzi, Rafael and Clifford, Matthew and Santos-Rodriguez, Raul and Flach, Peter},
    doi = {10.21105/joss.01904},
    journal = {Journal of Open Source Software},
    month = {may},
    number = {49},
    pages = {1904},
    publisher = {The Open Journal},
    title = {{FAT Forensics: A Python Toolbox for Implementing and Deploying Fairness, Accountability and Transparency Algorithms in Predictive Systems}},
    volume = {5},
    year = {2020}
}
@article{Gilpin2019,
    archivePrefix = {arXiv},
    arxivId = {1806.00069},
    author = {Gilpin, Leilani H. and Bau, David and Yuan, Ben Z. and Bajwa, Ayesha and Specter, Michael and Kagal, Lalana},
    doi = {10.1109/DSAA.2018.00018},
    eprint = {1806.00069},
    isbn = {9781538650905},
    journal = {Proceedings - 2018 IEEE 5th International Conference on Data Science and Advanced Analytics, DSAA 2018},
    keywords = {Deep learning and deep analytics,Fairness and transparency in data science,Machine learning theories,Models and systems},
    month = {jan},
    pages = {80--89},
    publisher = {Institute of Electrical and Electronics Engineers Inc.},
    title = {{Explaining explanations: An overview of interpretability of machine learning}},
    year = {2019}
}
@article{Vilone2020,

    archivePrefix = {arXiv},
    arxivId = {2006.00093},
    author = {Vilone, Giulia and Longo, Luca},
    doi = {10.48550/arxiv.2006.00093},
    eprint = {2006.00093},
    month = {may},
    title = {{Explainable Artificial Intelligence: a Systematic Review}},
    url = {https://arxiv.org/abs/2006.00093},
    year = {2020}
}
@article{Reilly2002,

    author = {Reilly, Brendan M.},
    doi = {10.1001/jama.288.3.342},
    issn = {0098-7484},
    journal = {JAMA},
    month = {jul},
    number = {3},
    pages = {342},
    title = {{Impact of a Clinical Decision Rule on Hospital Triage of Patients With Suspected Acute Cardiac Ischemia in the Emergency Department}},
    volume = {288},
    year = {2002}
}
@article{Keane2019,
    author = {Keane, Mark T. and Kenny, Eoin M.},
    doi = {10.1007/978-3-030-29249-2_11},
    isbn = {9783030292485},
    issn = {16113349},
    journal = {Lecture Notes in Computer Science (including subseries Lecture Notes in Artificial Intelligence and Lecture Notes in Bioinformatics)},
    keywords = {Artificial neural networks,CBR,Deep learning,Explanation,XAI},
    pages = {155--171},
    publisher = {Springer Verlag},
    title = {{How Case-Based Reasoning Explains Neural Networks: A Theoretical Analysis of XAI Using Post-Hoc Explanation-by-Example from a Survey of ANN-CBR Twin-Systems}},
    volume = {11680 LNAI},
    year = {2019}
}
@article{Abdul2018,
    author = {Abdul, Ashraf and Vermeulen, Jo and Wang, Danding and Lim, Brian Y. and Kankanhalli, Mohan},
    doi = {10.1145/3173574.3174156},
    isbn = {9781450356206},
    journal = {Conference on Human Factors in Computing Systems - Proceedings},
    keywords = {Explainable artificial intelli-gence,Explanations,Intelligibility,Interpretable machine learning},
    month = {apr},
    publisher = {Association for Computing Machinery},
    title = {{Trends and trajectories for explainable, accountable and intelligible systems: An HCI research agenda}},
    volume = {2018-April},
    year = {2018}
}
@article{Nugent2005,
    author = {Nugent, Conor and Cunningham, P{\'{a}}draig},
    doi = {10.1007/S10462-005-4609-5},
    issn = {02692821},
    journal = {Artificial Intelligence Review},
    keywords = {Black-box systems,Case-based reasoning,Explanation},
    month = {oct},
    number = {2},
    pages = {163--178},
    title = {{A case-based explanation system for black-box systems}},
    volume = {24},
    year = {2005}
}
@article{Vilone2021,
    author = {Vilone, Giulia and Longo, Luca},
    doi = {10.1016/J.INFFUS.2021.05.009},
    issn = {1566-2535},
    journal = {Information Fusion},
    keywords = {Evaluation methods,Explainable artificial intelligence,Notions of explainability},
    month = {dec},
    pages = {89--106},
    publisher = {Elsevier},
    title = {{Notions of explainability and evaluation approaches for explainable artificial intelligence}},
    volume = {76},
    year = {2021}
}
@article{5091316bb1c6db6c6a813f4391911a5c311fdfe0,
    archivePrefix = {arXiv},
    arxivId = {1602.04938},
    author = {Ribeiro, Marco Tulio and Singh, Sameer and Guestrin, Carlos},
    doi = {10.1145/2939672.2939778},
    eprint = {1602.04938},
    journal = {Proceedings of the 22nd ACM SIGKDD International Conference on Knowledge Discovery and Data Mining},
    title = {{"Why Should I Trust You?": Explaining the Predictions of Any Classifier}},
    url = {https://www.semanticscholar.org/paper/5091316bb1c6db6c6a813f4391911a5c311fdfe0},
    year = {2016}
}
@article{Holzinger2017,
    archivePrefix = {arXiv},
    arxivId = {1712.09923},
    author = {Holzinger, Andreas and Biemann, Chris and Pattichis, Constantinos S. and Kell, Douglas B.},
    eprint = {1712.09923},
    issn = {2331-8422},
    month = {dec},
    title = {{What do we need to build explainable AI systems for the medical domain?}},
    url = {http://arxiv.org/abs/1712.09923},
    year = {2017}
}
@inproceedings{Keane2020,
    archivePrefix = {arXiv},
    arxivId = {2005.13997},
    author = {Keane, Mark T. and Smyth, Barry},
    booktitle = {Lecture Notes in Computer Science (including subseries Lecture Notes in Artificial Intelligence and Lecture Notes in Bioinformatics)},
    doi = {10.1007/978-3-030-58342-2_11},
    eprint = {2005.13997},
    isbn = {9783030583415},
    issn = {16113349},
    keywords = {CBR,Contrastive,Counterfactuals,Explanation,XAI},
    pages = {163--178},
    publisher = {Springer Science and Business Media Deutschland GmbH},
    title = {{Good Counterfactuals and Where to Find Them: A Case-Based Technique for Generating Counterfactuals for Explainable AI (XAI)}},
    volume = {12311 LNAI},
    year = {2020}
}
@article{Coppers2018,
    author = {Coppers, Sven and {Van Den Bergh}, Jan and Luyten, Kris and Coninx, Karin and {Van Der Lek-Ciudin}, Iulianna and Vanallemeersch, Tom and Vandeghinste, Vincent},
    doi = {10.1145/3173574.3174098},
    isbn = {9781450356206},
    journal = {Conference on Human Factors in Computing Systems - Proceedings},
    month = {apr},
    publisher = {Association for Computing Machinery},
    title = {{Intellingo: An intelligible translation environment}},
    volume = {2018-April},
    year = {2018}
}
@article{Gunning2019a,
    author = {Gunning, David and Aha, David W},
    doi = {10.1609/AIMAG.V40I2.2850},
    issn = {2371-9621},
    journal = {AI Magazine},
    keywords = {Summer 2019},
    month = {jun},
    number = {2},
    pages = {44--58},
    publisher = {AI Access Foundation},
    title = {{DARPA's Explainable Artificial Intelligence (XAI) Program}},
    url = {https://ojs.aaai.org/index.php/aimagazine/article/view/2850},
    volume = {40},
    year = {2019}
}
@article{Mohseni2021,
    author = {Mohseni, Sina and Zarei, Niloofar and Ragan, Eric D and Ragan, ; E D},
    doi = {10.1145/3387166},
    isbn = {10.1145/3387166},
    journal = {ACM Transactions on Interactive Intelligent Systems},
    keywords = {CCS Concepts:,Computing methodologies → Machine learning Additio,Human-centered computing → HCI design and evaluati},
    number = {4},
    title = {{24 A Multidisciplinary Survey and Framework for Design and Evaluation of Explainable AI Systems}},
    url = {https://doi.org/10.1145/3387166},
    volume = {11},
    year = {2021}
}
@article{Linardatos2021,
    author = {Linardatos, Pantelis and Papastefanopoulos, Vasilis and Kotsiantis, Sotiris},
    doi = {10.3390/E23010018},
    issn = {10994300},
    journal = {Entropy},
    keywords = {Black-box,Explainability,Fairness,Interpretability,Machine learning,Sensitivity,Xai},
    month = {jan},
    number = {1},
    pages = {1--45},
    pmid = {33375658},
    publisher = {Multidisciplinary Digital Publishing Institute (MDPI)},
    title = {{Explainable AI: A Review of Machine Learning Interpretability Methods}},
    url = {/pmc/articles/PMC7824368/ /pmc/articles/PMC7824368/?report=abstract https://www.ncbi.nlm.nih.gov/pmc/articles/PMC7824368/},
    volume = {23},
    year = {2021}
}
@article{Muir1987,
    author = {Muir, Bonnie M.},
    doi = {10.1016/S0020-7373(87)80013-5},
    issn = {00207373},
    journal = {International Journal of Man-Machine Studies},
    mendeley-groups = {Trust in Machine Decision},
    number = {5-6},
    pages = {527--539},
    title = {{Trust between humans and machines, and the design of decision aids}},
    volume = {27},
    year = {1987}
}
@article{Jian2000,
    author = {Jian, Jiun-Yin and Bisantz, Ann M. and Drury, Colin G.},
    doi = {10.1207/S15327566IJCE0401_04},
    issn = {1088-6362},
    journal = {International Journal of Cognitive Ergonomics},
    mendeley-groups = {Trust in Machine Decision},
    month = {mar},
    number = {1},
    pages = {53--71},
    publisher = {Informa UK Limited},
    title = {{Foundations for an Empirically Determined Scale of Trust in Automated Systems}},
    url = {https://apps.dtic.mil/sti/pdfs/ADA395339.pdf},
    volume = {4},
    year = {2000}
}
@article{Hancock2011,
    author = {Hancock, Peter A. and Billings, Deborah R. and Schaefer, Kristin E. and Chen, Jessie Y.C. and {De Visser}, Ewart J. and Parasuraman, Raja},
    doi = {10.1177/0018720811417254},
    issn = {00187208},
    journal = {Human Factors},
    keywords = {human-robot team,robotics,trust,trust development},
    mendeley-groups = {Trust in Machine Decision},
    month = {oct},
    number = {5},
    pages = {517--527},
    pmid = {22046724},
    publisher = {SAGE PublicationsSage CA: Los Angeles, CA},
    title = {{A meta-analysis of factors affecting trust in human-robot interaction}},
    url = {https://journals-sagepub-com.bris.idm.oclc.org/doi/10.1177/0018720811417254},
    volume = {53},
    year = {2011}
}
@article{Hoff2015,
    author = {Hoff, Kevin Anthony and Bashir, Masooda},
    doi = {10.1177/0018720814547570},
    issn = {15478181},
    journal = {Human Factors},
    keywords = {automated system,human-automation interaction,reliance,trust formation,trust in automation},
    mendeley-groups = {Trust in Machine Decision},
    month = {may},
    number = {3},
    pages = {407--434},
    pmid = {25875432},
    publisher = {SAGE Publications Inc.},
    title = {{Trust in automation: Integrating empirical evidence on factors that influence trust}},
    url = {https://journals.sagepub.com/doi/abs/10.1177/0018720814547570?journalCode=hfsa},
    volume = {57},
    year = {2015}
}
@article{Chandrasekaran1989,
    author = {Chandrasekaran, B. and Tanner, Michael C. and Josephson, John R.},
    doi = {10.1109/64.21896},
    file = {::},
    issn = {08859000},
    journal = {IEEE Expert-Intelligent Systems and their Applications},
    mendeley-groups = {Explainable AI},
    number = {1},
    pages = {9--15},
    title = {{Explaining Control Strategies in Problem Solving}},
    volume = {4},
    year = {1989}
}
@article{Ferrario2020,
    author = {Ferrario, Andrea and Loi, Michele and Vigan{\`{o}}, Eleonora},
    doi = {10.1007/S13347-019-00378-3/TABLES/3},
    issn = {22105441},
    journal = {Philosophy and Technology},
    keywords = {Artificial intelligence (AI),E-trust,Trust,Trustworthiness},
    mendeley-groups = {Trust in Machine Decision},
    month = {sep},
    number = {3},
    pages = {523--539},
    publisher = {Springer},
    title = {{In AI We Trust Incrementally: a Multi-layer Model of Trust to Analyze Human-Artificial Intelligence Interactions}},
    url = {https://link.springer.com/article/10.1007/s13347-019-00378-3},
    volume = {33},
    year = {2020}
}
@article{Chen2021,
    author = {Chen, Melvin},
    doi = {10.1007/S13347-021-00465-4/FIGURES/1},
    issn = {22105441},
    journal = {Philosophy and Technology},
    keywords = {Cunning of trust,Problems of trust,Trust,Trust-engineering,Trustworthiness},
    mendeley-groups = {Trust in Machine Decision},
    month = {dec},
    number = {4},
    pages = {1429--1447},
    publisher = {Springer Science and Business Media B.V.},
    title = {{Trust and Trust-Engineering in Artificial Intelligence Research: Theory and Praxis}},
    url = {https://link.springer.com/article/10.1007/s13347-021-00465-4},
    volume = {34},
    year = {2021}
}
@article{Toreini2020,
    address = {New York, NY, USA},
    author = {Toreini, Ehsan and Aitken, Mhairi and Elliott, Karen and {Gonzalez Zelaya}, Carlos and Coopamootoo, Kovila and van Moorsel, Aad},
    doi = {10.1145/3351095},
    isbn = {9781450369367},
    journal = {Proceedings of the 2020 Conference on Fairness, Accountability, and Transparency},
    keywords = {artificial intelligence,machine learning,trust,trustworthiness},
    mendeley-groups = {Trust in Machine Decision},
    publisher = {ACM},
    title = {{The relationship between trust in AI and trustworthy machine learning technologies}},
    url = {https://doi.org/10.1145/3351095.3372834}
}
